@STRING{NSE = "Nuclear Science and Engineering"}

@STRING{ANL = "Argonne National Laboratory"}

@STRING{KAPL = "Knolls Atomic Power Laboratory"}

@STRING{LANL = "Los Alamos National Laboratory"}

@STRING{TRANS = "Trans. Am. Nucl. Soc."}

@INPROCEEDINGS{hoogenboom,
   author = "J. E. Hoogenboom and W. R. Martin",
   title = "{A Proposal for a Benchmark to Monitor the Performance of
                  Detailed Monte Carlo Calculation of Power Densities
                  in a Full Size Reactor Core}",
   booktitle = "Proocedings of the 2009 International Conference on
                  Mathematics, Computational Methods, and Reactor
                  Physics",
   address = "Saratoga Springs, NY",
   month = may,
   year = 2009
}

@TECHREPORT{freegas,
   author = "Ely M. Gelbard",
   title = "Epithermal scattering in {VIM}",
   institution = ANL,
   number = "FRA-TM-123",
   year = 1979
}

@TECHREPORT{mcnp,
   author = "{X-5 Monte Carlo Team}",
   title = "{MCNP - A General Monte Carlo N-Particle Transport Code,
                  Version 5}",
   institution = LANL,
   number = "LA-UR-03-1987",
   month = oct,
   year = 2005,
}

@TECHREPORT{serpent,
   author = "Jaakko Lepp{\"{a}}nen",
   title = "Development of a New Monte Carlo Reactor Physics Code",
   institution = "VTT Technical Research Centre of Finland",
   number = "P640",
   year = 2007
}
