@techreport{ace-format,
   author = "{X-5 Monte Carlo Team}",
   title = "{MCNP - A General Monte Carlo N-Particle Transport Code,
                  Version 5, Volume III: Developer's Guide}",
   institution = "Los Alamos National Laboratory",
   number = "LA-CP-03-0284",
   month = feb,
   year = 2008
}

@misc{benchmarks,
   author = "Paul K. Romano",
   title = "{GitHub - Reactor Physics Benchmark Models}",
   howpublished = {$<$\url{https://github.com/mit-crpg/benchmarks}$>$},
   month = feb,
   year = 2012,
   note = "(accessed February 28, 2012)"
}

@inproceedings{entropy,
   author = "Forrest B. Brown",
   title = "On the Use of {S}hannon Entropy of the Fission Distribution for
                  Assessing Convergence of {M}onte {C}arlo Criticality
                  Calculations",
   booktitle = "ANS Topical Meeting on Reactor Physics",
   address = "Vancouver, Canada",
   month = sep,
   year = 2006
}

@article{fissionbank,
   author = "Paul K. Romano and Benoit Forget",
   title = "Parallel Fission Bank Algorithms in {M}onte {C}arlo Criticality
                  Calculations",
   journal = "Nucl. Sci. Eng.",
   volume = 170,
   pages = "125-135",
   year = 2012
}

@techreport{freegas,
   author = "Ely M. Gelbard",
   title = "Epithermal scattering in {VIM}",
   institution = "Argonne National Laboratory",
   number = "FRA-TM-123",
   year = 1979
}

@incollection {hdf5,
   author = {Sandeep Koranne},
   title = "{Hierarchical Data Format 5: HDF5}",
   booktitle = {Handbook of Open Source Tools},
   publisher = {Springer US},
   isbn = {978-1-4419-7719-9},
   pages = {191-200},
   year = 2011
}

@mastersthesis{herman,
   author = "Bryan R. Herman",
   title = "{Cross Section Generation Strategy for High Conversion Light Water
                  Reactors}",
   school = "Massachusetts Institute of Technology",
   address = "Cambridge, MA",
   month = sep,
   year = 2011
}

@inproceedings{hoogenboom,
   author = "J. Eduard Hoogenboom and William R. Martin and Bojan Petrovic",
   title = "The {M}onte {C}arlo Performance Benchmark Test - Aims,
                  Specifications and First Results",
   booktitle = "International Conference on Mathematics and Computational
                  Methods Applied to Nuclear Science and Engineering",
   address = "Rio de Janeiro, Brazil",
   month = may,
   year = 2011
}

@inproceedings{jaguar,
   author = "Arthur S. Bland and Ricky A. Kendall and Douglas B. Kothe and James
                  H. Rogers and Galen M. Shipman",
   title = "Jaguar: The World's Most Powerful Computer",
   booktitle = "Cray User Group Conference",
   address = "Atlanta, Georgia",
   year = 2009
}

@techreport{icsbep,
   author = "{NEA Nuclear Science Committee}",
   title = "{International Handbook of Evaluated Criticality Safety Benchmark
                  Experiments}",
   institution = "OECD Nuclear Energy Agency",
   number = "NEA/NSC/DOC(95)03",
   year = 2009
}

@article{lieberoth,
   author = "J. Lieberoth",
   title = "A {M}onte {C}arlo Technique to Solve the Static Eigenvalue Problem
                  of the {B}oltzmann Transport Equation",
   journal = "Nukleonik",
   volume = 11,
   number = 5,
   pages = "213-219",
   year = 1968,
}

@inproceedings{mc21,
   author = "T. M. Sutton and T. J. Donovan and T. H. Trumbull and P. S. Dobreff
                  and E. Caro and D. P. Griesheimer and L. J. Tyburski and
                  D. C. Carpenter and H. J. Joo",
   title = "The {MC21} {M}onte {C}arlo Transport Code",
   booktitle = "Joint International Topical Meeting on Mathematics and
                  Comutation and Supercomputing in Nuclear Applications",
   address = "Monterey, California",
   month = apr,
   year = 2007
}

@inproceedings{mc21-physor,
   author= "Daniel J. Kelly and Thomas M. Sutton and Timothy Trumbull and Peter
                  S. Dobreff",
   title = "{MC21} {M}onte {C}arlo Analysis of the {H}oogenboom--{M}artin
                  full-core {PWR} Benchmark Problem",
   booktitle = "PHYSOR -- Advances in Reactor Physics to Power the Nuclear Renaissance",
   address = "Pittsburgh, Pennsylvania",
   month = may,
   year = 2010
}

@techreport{mcnp,
   author = "{X-5 Monte Carlo Team}",
   title = "{MCNP - A General Monte Carlo N-Particle Transport Code,
                  Version 5}",
   institution = "Los Alamos National Laboratory",
   number = "LA-UR-03-1987",
   month = feb,
   year = 2008
}

@article{mcnp-efficiency,
   author = "Derk Van Veen and J. Eduard Hoogenboom",
   title = "Efficiency Improvement of Local Power Estimation in the General
                  Purpose {M}onte {C}arlo Code {MCNP}",
   journal = "Progress in Nuclear Science and Technology",
   volume = 2,
   pages = "866-871",
   year = 2011
}

@techreport{mcnp-validation,
   author = "Russel D. Mosteller",
   title = "{An Expanded Criticality Validation Suite for {MCNP}}",
   institution = "Los Alamos National Laboratory",
   number = "LA-UR-10-06230",
   year = 2010
}

@techreport{pincell,
  author = "Dermott E. Cullen and Roger N. Blomquist and Chris Dean and Dave
                  Heinrichs and Mikhail A. Kalugin and Mark Lee and Yi-Kang Lee
                  and Robert MacFarlane and Yasunobu Nagaya and Andrej Trkov",
  title = "{How Accurately can we Calculate Thermal Systems?}",
  institution = "International Nuclear Data Committee",
  number = "INDC(USA)-107",
  year = 2004
}

@article{probtables,
  author = "Leo B. Levitt",
  title = "The Probability Table Method for Treating Unresolved Neutron
                  Resonances in {M}onte {C}arlo Calculations",
  journal = "Nucl. Sci. Eng.",
  volume = 49,
  pages = "450-457",
  year = 1972
}

@inproceedings{probtables-testing,
   author = "J. P. Weinman",
   title = "{M}onte {C}arlo Testing of Unresolved Resonance Treatment for Fast
                  and Intermediate Critical Assemblies",
   booktitle = "International Conference on the Physics of Nuclear Science and
                  Technology",
   address = "Long Island, New York",
   month = oct,
   year = 1998
}

@misc{pytables,
   author = "Francesc Alted and Ivan Vilata and others",
   title = "{PyTables}: Hierarchical Datasets in {Python}",
   howpublished = "$<$\url{http://www.pytables.org}$>$",
   month = mar,
   year = 2012,
   note = "(accessed June 27, 2012)"
}

@techreport{serpent,
   author = "Jaakko Lepp{\"{a}}nen",
   title = "{Development of a New Monte Carlo Reactor Physics Code}",
   institution = "VTT Technical Research Centre of Finland",
   number = "P640",
   year = 2007
}

@article{uniongrid,
   author = "Jaakko Lepp{\"{a}}nen",
   title = "Two practical methods for unionized energy grid construction in
                  continuous-energy {M}onte {C}arlo neutron transport
                  calculation",
   journal = "Ann. Nucl. Energy",
   volume = 36,
   pages = "878-885",
   year = 2009
}

@misc{xml-fortran,
   author = "Arjen Markus",
   title = "{XML-Fortran Page}",
   howpublished = {$<$\url{http://xml-fortran.sourceforge.net}$>$},
   month = apr,
   year = 2008,
   note = "(accessed January 12, 2012)"
}
